% BibTex
@misc{Eg,
    author = {Hao Ren},
	title = {Template for Math Notes},
    year = {2021},
}

@misc{asgari2023halo,
      title={The halo model for cosmology: a pedagogical review}, 
      author={Marika Asgari and Alexander J. Mead and Catherine Heymans},
      year={2023},
      eprint={2303.08752},
      archivePrefix={arXiv},
      primaryClass={astro-ph.CO}
}

@ARTICLE{2022A&A...660A.114U,
       author = {{Upham}, R.~E. and {Brown}, M.~L. and {Whittaker}, L. and {Amara}, A. and {Auricchio}, N. and {Bonino}, D. and {Branchini}, E. and {Brescia}, M. and {Brinchmann}, J. and {Capobianco}, V. and {Carbone}, C. and {Carretero}, J. and {Castellano}, M. and {Cavuoti}, S. and {Cimatti}, A. and {Cledassou}, R. and {Congedo}, G. and {Conversi}, L. and {Copin}, Y. and {Corcione}, L. and {Cropper}, M. and {Da Silva}, A. and {Degaudenzi}, H. and {Douspis}, M. and {Dubath}, F. and {Duncan}, C.~A.~J. and {Dupac}, X. and {Dusini}, S. and {Ealet}, A. and {Farrens}, S. and {Ferriol}, S. and {Fosalba}, P. and {Frailis}, M. and {Franceschi}, E. and {Fumana}, M. and {Garilli}, B. and {Gillis}, B. and {Giocoli}, C. and {Grupp}, F. and {Haugan}, S.~V.~H. and {Hoekstra}, H. and {Holmes}, W. and {Hormuth}, F. and {Hornstrup}, A. and {Jahnke}, K. and {Kermiche}, S. and {Kiessling}, A. and {Kilbinger}, M. and {Kitching}, T. and {K{\"u}mmel}, M. and {Kunz}, M. and {Kurki-Suonio}, H. and {Ligori}, S. and {Lilje}, P.~B. and {Lloro}, I. and {Marggraf}, O. and {Markovic}, K. and {Marulli}, F. and {Meneghetti}, M. and {Meylan}, G. and {Moresco}, M. and {Moscardini}, L. and {Munari}, E. and {Niemi}, S.~M. and {Padilla}, C. and {Paltani}, S. and {Pasian}, F. and {Pedersen}, K. and {Pettorino}, V. and {Pires}, S. and {Poncet}, M. and {Popa}, L. and {Raison}, F. and {Rhodes}, J. and {Rossetti}, E. and {Saglia}, R. and {Sartoris}, B. and {Schneider}, P. and {Secroun}, A. and {Seidel}, G. and {Sirignano}, C. and {Sirri}, G. and {Stanco}, L. and {Starck}, J. -L. and {Tallada-Cresp{\'\i}}, P. and {Tavagnacco}, D. and {Taylor}, A.~N. and {Tereno}, I. and {Toledo-Moreo}, R. and {Torradeflot}, F. and {Valenziano}, L. and {Wang}, Y. and {Zamorani}, G. and {Zoubian}, J. and {Andreon}, S. and {Baldi}, M. and {Camera}, S. and {Cardone}, V.~F. and {Fabbian}, G. and {Polenta}, G. and {Renzi}, A. and {Joachimi}, B. and {Hall}, A. and {Loureiro}, A. and {Sellentin}, E.},
        title = "{Euclid: Covariance of weak lensing pseudo-C$_{{\ensuremath{\ell}}}$ estimates. Calculation, comparison to simulations, and dependence on survey geometry}",
      journal = {\aap},
     keywords = {gravitational lensing: weak, methods: statistical, cosmology: observations, Astrophysics - Cosmology and Nongalactic Astrophysics, Astrophysics - Instrumentation and Methods for Astrophysics, Statistics - Applications},
         year = 2022,
        month = apr,
       volume = {660},
          eid = {A114},
        pages = {A114},
          doi = {10.1051/0004-6361/202142908},
archivePrefix = {arXiv},
       eprint = {2112.07341},
 primaryClass = {astro-ph.CO},
       adsurl = {https://ui.adsabs.harvard.edu/abs/2022A&A...660A.114U},
      adsnote = {Provided by the SAO/NASA Astrophysics Data System}
}

@article{Sheth_1999,
	doi = {10.1046/j.1365-8711.1999.02692.x},
  
	url = {https://doi.org/10.1046%2Fj.1365-8711.1999.02692.x},
  
	year = 1999,
	month = {sep},
  
	publisher = {Oxford University Press ({OUP})},
  
	volume = {308},
  
	number = {1},
  
	pages = {119--126},
  
	author = {Ravi K. Sheth and Giuseppe Tormen},
  
	title = {Large-scale bias and the peak background split},
  
	journal = {Monthly Notices of the Royal Astronomical Society}
}